<?xml version="1.0" encoding="UTF-8"?><collection xmlns="http://www.loc.gov/MARC21/slim"><record><leader>00659nam--2200181-i-4500</leader><controlfield tag="001">000010802</controlfield><controlfield tag="002">20161230</controlfield><controlfield tag="005">20161230201029</controlfield><controlfield tag="008">060222s1000------------r-----000-0-eng-d</controlfield><datafield ind1=" " ind2=" " tag="040"><subfield code="a">IFIN-HH</subfield></datafield><datafield ind1=" " ind2=" " tag="080"><subfield code="a">539.12.162.8 (061.3)</subfield></datafield><datafield ind1="1" ind2=" " tag="100"><subfield code="a">Gudehus, Timm</subfield></datafield><datafield ind1="1" ind2="0" tag="245"><subfield code="a">Coral gables conference on fundamental interactions at high energy</subfield><subfield code="b">Center for theoretical studies january 22-24, 1969, university of miami</subfield><subfield code="c">Timm gudehus, geoffrey kaiser, arnold perlmutter (eds.)</subfield></datafield><datafield ind1=" " ind2=" " tag="260"><subfield code="a">New York</subfield><subfield code="b">Gordon And Breach, Science Publishers</subfield><subfield code="c">1969</subfield></datafield><datafield ind1=" " ind2=" " tag="300"><subfield code="a">VII + 407 P</subfield></datafield><datafield ind1="1" ind2=" " tag="700"><subfield code="a">Perlmutter, Arnold</subfield><subfield code="e">Ed</subfield></datafield><datafield ind1=" " ind2=" " tag="852"><subfield code="a">32890</subfield><subfield code="c">539.131</subfield></datafield><datafield ind1=" " ind2=" " tag="CAT"><subfield code="a">Sys</subfield><subfield code="c">20120301</subfield><subfield code="h">093801</subfield></datafield></record></collection>